% BibTeX database for the MSc_Thesis.tex

%%%%%%%%%%%%%%%%%%%%%%%%%%%%%%%%%%%%%%%%%%%%%%%%%%%%%%%%%%
% TEMPLATES
%%%%%%%%%%%%%%%%%%%%%%%%%%%%%%%%%%%%%%%%%%%%%%%%%%%%%%%%%%

%%%%% An article from a journal or magazine.
%
%article{
%  % Required fields:
%  author  = {},
%  title   = {},
%  journal = {},
%  year    = {},
%  % Optional fields:
%  volume  = {},
%  number  = {},
%  pages   = {},
%  month   = {},
%  note    = {}
%}
%
%%%%% A book with an explicit publisher.
%
%book{
%  % Required fields:
%  author    = {}, % or editor
%  editor    = {},
%  title     = {},
%  publisher = {},
%  year      = {},
%  % Optional fields:
%  volume    = {},
%  number    = {},
%  series    = {},
%  address   = {},
%  edition   = {},
%  month     = {},
%  note      = {}
%}
%
%%%%% A work that is printed and bound, but without a named publisher or sponsoring institution.
%
%booklet{
%  % Required field:
%  title        = {},
%  % Optional fields:
%  author       = {},
%  howpublished = {},
%  address      = {},
%  month        = {},
%  year         = {},
%  note         = {}
%}
%
%%%%% The same as INPROCEEDINGS}, included for Scribe compatibility.
%
%conference{
%}
%
%%%%% A part of a book, which may be a chapter (or section or whatever) and/or a range of pages.
%
%inbook{
%  % Required fields:
%  author    = {}, % or editor
%  editor    = {},
%  title     = {},
%  chapter   = {}, % and/or pages
%  pages     = {},
%  publisher = {},
%  year      = {},
%  % Optional fields:
%  volume    = {}, % or number
%  number    = {},
%  series    = {},
%  type      = {},
%  address   = {},
%  edition   = {},
%  month     = {},
%  note      = {}
%}
%
%%%%% A part of a book having its own title.
%
%incollection{
%  % Required fields:
%  author    = {},
%  title     = {},
%  booktitle = {},
%  publisher = {},
%  year      = {},
%  % Optional fields:
%  editor    = {},
%  volume    = {}, % or number
%  number    = {},
%  series    = {},
%  type      = {},
%  chapter   = {},
%  pages     = {},
%  address   = {},
%  edition   = {},
%  month     = {},
%  note      = {}
%}
%
%%%%% An article in a conference proceedings.
%
%inproceedings{
%  % Required fields:
%  author       = {},
%  title        = {},
%  booktitle    = {},
%  year         = {},
%  % Optional fields:
%  editor       = {},
%  volume       = {}, % or number
%  number       = {},
%  series       = {},
%  pages        = {},
%  address      = {},
%  month        = {},
%  organization = {},
%  publisher    = {},
%  note         = {}
%}
%
%%%%% Technical documentation.
%
%manual{
%  % Required field:
%  title        = {},
%  % Optional fields:
%  author       = {},
%  organization = {},
%  address      = {},
%  edition      = {},
%  month        = {},
%  year         = {},
%  note         = {}
%}
%
%%%%% A Master's thesis.
%
%mastersthesis{
%  % Required fields:
%  author  = {},
%  title   = {},
%  school  = {},
%  year    = {},
%  % Optional fields:
%  type    = {},
%  address = {},
%  month   = {},
%  note    = {}
%}
%
%%%%% Use this type when nothing else fits.
%
%misc{
%  % Required fields: none.
%  % Optional fields:
%  author       = {},
%  title        = {},
%  howpublished = {},
%  month        = {},
%  year         = {},
%  note         = {}
%}
%
%%%%% A PhD thesis.
%
%phdthesis{
%  % Required fields:
%  author  = {},
%  title   = {},
%  school  = {},
%  year    = {},
%  % Optional fields:
%  type    = {},
%  address = {},
%  month   = {},
%  note    = {}
%}
%
%%%%% The proceedings of a conference.
%
%proceedings{
%  % Required fields:
%  title        = {},
%  year         = {},
%  % Optional fields:
%  editor       = {},
%  volume       = {}, % or number
%  number       = {},
%  series       = {},
%  address      = {},
%  month        = {},
%  organization = {},
%  publisher    = {},
%  note         = {},
%}
%
%%%%% A report published by a school or other institution, usually numbered within a series.
%
%techreport{
%  % Required fields:
%  author      = {},
%  title       = {},
%  institution = {},
%  year        = {},
%  % Optional fields:
%  type        = {},
%  number      = {},
%  address     = {},
%  month       = {},
%  note        = {}
%}
%
%%%%% A document having an author and title, but not formally published.
%
%unpublished{
%  % Required fields:
%  author = {},
%  title  = {},
%  note   = {},
%  % Optional fields:
%  month  = {},
%  year   = {}
%}

%%%%%%%%%%%%%%%%%%%%%%%%%%%%%%%%%%%%%%%%%%%%%%%%%%%%%%%%%%
% References
%%%%%%%%%%%%%%%%%%%%%%%%%%%%%%%%%%%%%%%%%%%%%%%%%%%%%%%%%%

\bibitem{lamport94}
Leslie Lamport (1994) \emph{\LaTeX: a document preparation system}, Addison
Wesley, Massachusetts, 2nd ed.
\end{thebibliography}


@article{Electrical,
   author  = "{David Ingram and Brian Smellie}",
   title   = "{Solving Electrical Substation Timing Problems}",
   year    = 2014,
   month   = oct
   
}

@ARTICLE{Bridge,
  author={},
  journal={IEEE 802.1D-2004}, 
  title={IEEE Standard for Local and metropolitan area networks: Media Access Control (MAC) Bridges}, 
  year={2004}
}

@ARTICLE{PTP,
  author={},
  journal={IEEE Std 1588-2019}, 
  title={IEEE Standard for a Precision Clock Synchronization Protocol for Networked Measurement and Control Systems}, 
  year={2020},
  volume={},
  number={},
  pages={1-499},
}

@ARTICLE{MACSec,
  author={},
  journal={IEEE Std 802.1AE-2018}, 
  title={IEEE Standard for Local and metropolitan area networks-Media Access Control (MAC) Security}, 
  year={2018},
  volume={},
  number={},
  pages={1-239},
}

@INPROCEEDINGS{PRP,
  author={Kirrmann, Hubert and Hansson, Mats and Muri, Peter},
  booktitle={2007 IEEE Conference on Emerging Technologies and Factory Automation (EFTA 2007)}, 
  title={IEC 62439 PRP: Bumpless Recovery for Highly Available, Hard Real-Time Industrial Networks}, 
  year={2007},
  volume={},
  number={},
  pages={1396-1399},
}

@INPROCEEDINGS{HSR,
  author={Araujo, J.A. and Lázaro, J. and Astarloa, A. and Zuloaga, A. and García, A.},
  booktitle={IECON 2013 - 39th Annual Conference of the IEEE Industrial Electronics Society}, 
  title={PRP and HSR version 1 (IEC 62439-3 Ed.2), improvements and a prototype implementation}, 
  year={2013},
  volume={},
  number={},
  pages={4410-4415}}



@techreport{PUP,
    title = "{IEC/IEEE International Standard - Communication networks and systems for power utility automation - Part 9-3: Precision time protocol profile for power utility automation}",
    institution = {IEEE},
    year = 2016
}

@article{iSLIP,
   author  = "{Nick McKeown}",
   title   = "{The iSLIP Scheduling Algorithm
for Input-Queued Switches}",
   journal = {IEEE/ACM Transactions On Networking},
   year    = 1999,
   volume  = 7,
   number  = 2,
   pages   = {188-201},
   month   = apr,
}

@article{CAM,
   author  = "{Kostas Pagiamtzis and Ali Sheikholeslami}",
   title   = "{Content-Addressable Memory (CAM) Circuits and
Architectures: A Tutorial and Survey}",
   journal = {IEEE Journal of Solid-State Circuits},
   year    = 2006,
   volume  = 41,
   number  = 3,
   pages   = {712-727},
   month   = mar,
}

@article{FPGA,
   author  = "{Andrew Boutros and Vaughn Betz}",
   title   = "{FPGA Architecture: 
Principles and Progression}",
   journal = {IEEE Circuits and Systems Magazine},
   year    = 2021,
   volume  = 21,
   number  = 2,
   pages   = {4-29},
   month   = July,
}

@article{CDC,
   author  = "{Clifford Cummungs}",
   title   = "{Clock Domain Crossing (CDC) Design & Verification
Techniques Using SystemVerilog}",
   year    = 2008,
}

@book{math,
  editor    = "{Anurag Kumar and D. Manjunath and Joy Kuri}",
  title     = "{Communication Networking An Analytical Approach}",
  publisher = {Morgan Kaufmann Publishers},
  year      = {2004},
  edition   = {1st},
}

@book{VMM,
  author    = "{Janick Bergeron and Eduard Cerny and Alan Hunter and Andrew Nightingale}",
  title     = "{Verification Methodology Manual for SystemVerilog}",
  publisher = {Springer},
  year      = {2005},
  edition   = {1st},
}

@book{UVM,
  author    = "{Ray Salemi}",
  title     = "{The UVM Primer}",
  publisher = {Boston Ligth Press},
  year      = {2013},
  edition   = {1st},
}

@book{SV,
  author    = "{Chris Spear}",
  title     = "{SystemVerilog for Verification}",
  publisher = {Springer},
  year      = {2007},
  edition   = {1st},
}

@ARTICLE{ethernet,
  author={},
  journal={IEEE Std 802.3-2022}, 
  title={IEEE Standard for Ethernet}, 
  year={2022},
  volume={},
  number={},
  pages={1-7025},
}


@article{VOQ,
   author  = "{Igor Radusinovic and Milica Pejanovic}",
   title   = "{Impact of Scheduling Algorithms on Performances of Buffered Crossbar Switch Fabrics}",
   year    = 2002,
}

@article{old,
   author  = "{Mark J. Karol and Michael J. Hluchyj and Samuel P. Morgan}",
   title   = "{Input Versus Output Queueing on a Space-Division Pack& Switch}",
   journal = {IEEE Transactions on Communications},
   year    = 1987,
   volume  = 12,
   pages   = {1347--1356},
}

@article{comparison,
   author  = "{David M. E. Ingram
, Pascal Schaub
, Duncan A. Campbell
and Richard R. Taylor}",
   title   = "{Evaluation of Precision Time Synchronisation
Methods for Substation Applications}",
   journal = { 2012 IEEE International Symposium on Precision Clock Synchronization for Measurement, Control and Communication Proceedings. }
}

@article{SAS,
   author  = "{Hangtian Lei and Chanan Singh}",
   title   = "{Reliability Modeling and Analysis of IEC 61850
Based Substation Protection Systems}",
   journal = {IEEE Transactions on Smart Grid},
   year    = 2014,
   volume  = 5,
   pages   = {2194--2202},
   month   = set,
}

@article{Campos:2015:GAFD,
   author  = {L. M. B. C. Campos and A. C. Marta},
   title   = {On the Combined Effect of Atmospheric Stratification and Non-Uniform Magnetic Field on Magneto-Sonic-Gravity Waves},
   journal = {Geophysical \& Astrophysical Fluid Dynamics},
   year    = 2015,
   volume  = 109,
   number  = 2,
   pages   = {168--198},
   month   = apr,
   note    = {doi:10.1080/03091929.2015.1032959},
   doi     = {10.1080/03091929.2015.1032959},
   url     = {http://www.tandfonline.com/doi/full/10.1080/03091929.2015.1032959},
   issn    = {1029-0419}
}

@article{Marta:2014:JPP,
   author  = {A. C. Marta and S. Shankaran},
   title   = {Assessing Turbomachinery Performance Sensitivity to Boundary Conditions Using Control Theory},
   journal = {AIAA Journal of Propulsion and Power},
   year    = 2014,
   volume  = 30,
   number  = 5,
   pages   = {1281--1294},
   month   = sep,
   note    = {doi:10.2514/1.B35087},
   doi     = {10.2514/1.B35087},
   url     = {http://arc.aiaa.org/doi/abs/10.2514/1.B35087},
   issn    = {0748-4658}
}

@article{Rodrigues:2014:SMO,
   author  = {S. S. Rodrigues and A. C. Marta},
   title   = {On Addressing Noise Constraints in the Design of Wind Turbine Blades},
   journal = {Structural and Multidisciplinary Optimization},
   year    = 2014,
   volume  = 50,
   number  = 3,
   pages   = {489--503},
   month   = sep,
   note    = {doi:10.1007/s00158-014-1072-4},
   doi     = {10.1007/s00158-014-1072-4},
   url     = {http://link.springer.com/article/10.1007\%2Fs00158-014-1072-4},
   issn    = {1615-1488}
}

@article{Campos:2014:IJMS,
   author  = {L. M. B. C. Campos and A. C. Marta},
   title   = {On the Prevention or Facilitation of Buckling of Beams},
   journal = {International Journal of Mechanical Sciences},
   year    = 2014,
   volume  = 79,
   pages   = {95--104},
   month   = feb,
   note    = {doi:10.1016/j.ijmecsci.2013.12.003},
   doi     = {10.1016/j.ijmecsci.2013.12.003},
   url     = {http://www.sciencedirect.com/science/article/pii/S002074031300338X},
   issn    = {0020-7403}
}

@article{Marta:2013:AIAAJ,
   author  = {A. C. Marta and S. Shankaran and P. Venugopal and B. Barr and Q. Wang},
   title   = {Interpretation of Adjoint Solutions for Turbomachinery Flows},
   journal = {AIAA Journal},
   year    = 2013,
   volume  = 51,
   number  = 7,
   pages   = {1733--1744},
   month   = jul,
   note    = {doi:10.2514/1.J052177},
   doi     = {10.2514/1.J052177},
   url     = {http://arc.aiaa.org/doi/pdf/10.2514/1.J052177},
   issn    = {0001-1452}
}

@article{Marta:2013:CAF,
   author  = {A. C. Marta and S. Shankaran},
   title   = {On the Handling of Turbulence Equations in {RANS} Adjoint Solvers},
   journal = {Computers \& {F}luids},
   year    = 2013,
   volume  = 74,
   pages   = {102--113},
   month   = mar,
   note    = {doi:10.1016/j.compfluid.2013.01.012},
   doi     = {10.1016/j.compfluid.2013.01.012},
   url     = {http://www.sciencedirect.com/science/article/pii/S0045793013000303},
   issn    = {0045-7930}
}

@article{Marta:2010:CAF,
   author  = {A. C. Marta and J. J. Alonso},
   title   = {Toward Optimally Seeded Airflow on Hypersonic Vehicles Using Control Theory},
   journal = {Computers \& {F}luids},
   year    = 2010,
   volume  = 39,
   number  = 9,
   pages   = {1562--1574},
   month   = oct,
   note    = {doi:10.1016/j.compfluid.2010.05.009},
   doi     = {10.1016/j.compfluid.2010.05.009},
   url     = {http://www.sciencedirect.com/science/article/pii/S0045793010001155},
   issn    = {0045-7930}
}

@article{Marta:2007:IJCFD,
   author  = {A. C. Marta and C. A. Mader and J. R. R. A. Martins and E. van der Weide and J. J. Alonso},
   title   = {A Methodology for the Development of Discrete Adjoint Solvers Using Automatic Differentiation Tools},
   journal = {International {J}ournal of {C}omputational {F}luid {D}ynamics},
   year    = 2007,
   volume  = 21,
   number  = {9--10},
   pages   = {307--327},
   month   = oct,
   note    = {doi:10.1080/10618560701678647},
   doi     = {10.1080/10618560701678647},
   url     = {http://www.tandfonline.com/doi/pdf/10.1080/10618560701678647},
   issn    = {1061-8562}
}

%%%%%%%%%%%%%%%%%%%%%%%%%%%%%%%%%%%%%%%%%%%%%%%%%%%%%%%%%%




@book{make,
  editor    = "{Rich Seifert and Jim Edwards}",
  title     = "{The All-New Switch Book: The Complete Guide to LAN Switching Technology}",
  publisher = {Wiley Publishing, Inc},
  year      = {2008},
  edition   = {2st},
  note      = {ISBN: 978-0-470-28715-6}
}

@incollection{jameson:adjointns,
  author    = {Antony Jameson and Niles A. Pierce and Luigi Martinelli},
  title     = {Optimum Aerodynamic Design using the {Navier}--{S}tokes Equations},
  booktitle = {Theoretical and Computational Fluid Dynamics},
  publisher = {Springer-Verlag GmbH},
  year      = {1998},
  volume    = {10},
  pages     = {213--237},
  month     = jan
}

@inproceedings{Alves:ICUAS:2022,
  author       = {B. M. Alves and A. C. Marta and L. F. F\'elix},
  title        = {Multidisciplinary Optimisation of an {eVTOL UAV} With a Hydrogen Fuel Cell},
  booktitle    = {Proceedings of the ICUAS 2022 - International Conference on Unmanned Aircraft Systems},
  year         = {2022},
  address      = {Dubrovnik, Croatia},
  month        = {June}
}

@mastersthesis{HSR,
  author  = "{Xiaozhuo Jiang}",
  title   = "{High Availability Seamless Ring Protocol
Implementation in FPGA}",
  school  = {Swiss Federal Institute of Technology},
  year    = {2009},
  type    = {{MSc} {T}hesis},
  address = {Zurich, Switzerland},
  month   = {February}
}

@mastersthesis{Bessa,
  author  = "{Guilherme Oliveira Martins De Bessa}",
  title   = "{HSR: Protocolo de Ethernet com Redundância para
Aplicações Críticas}",
  school  = {Instituto Superior Técnico},
  year    = {2021},
  type    = {{MSc} {T}hesis},
  address = {Lisbon, Portugal},
  month   = {June}
}

@phdthesis{Rodrigues:PhD,
  author  = {Simão Rodrigues},
  title   = {Aero-thermal analysis and design of turbomachinery blades using multi-stage adjoint methods},
  school  = {Instituto Superior T\'ecnico},
  year    = {2019},
  type    = {{PhD} {T}hesis in {A}erospace {E}ngineering},
  address = {Lisboa, Portugal},
  month   = {April},
  note    = {}
}

@manual{Flexibilis,
    key =  FLXU057,
    title = {Flexibilis Ethernet Switch},
    url = {https://www.flexibilis.com/products/fes/}
}

